Date,Category,Region,Sales,Age_Group
2024-01-31,Dolls,India,12000,Kids
2024-02-29,Electronic,USA,15000,Teens
2024-03-31,Outdoor,Europe,9000,Kids
2024-04-30,Educational,India,11000,Teens
2024-05-31,Dolls,USA,14000,Kids
2024-06-30,Electronic,Europe,18000,Teens
2024-07-31,Outdoor,India,10000,Kids
2024-08-31,Educational,USA,13000,Teens
2024-09-30,Dolls,Europe,16000,Kids
2024-10-31,Electronic,India,17000,Teens
2024-11-30,Outdoor,USA,12500,Kids
2024-12-31,Educational,Europe,14500,Teens
